@BOOK {mCON99a,
        AUTHOR="J. H. Conway and N. J. A. Sloane",
        TITLE={Sphere Packings, Lattices and Groups},
        PUBLISHER="Springer-Verlag",
        SERIES="Grundlehren der Mathematischen Wissenschaften 290",
        EDITION={3rd},
        ADDRESS={New York},
        cote = {QA 3 G78},
        YEAR={1999} }

@ARTICLE {mLEN82a,
	AUTHOR="A. K. Lenstra and H. W. Lenstra and L. Lov{\'a}sz",
	TITLE="Factoring Polynomials with Rational Coefficients",
	JOURNAL={Math. Ann.},
        VOLUME={261},
        PAGES={515--534},
	YEAR={1982} }
