@Unpublished{rSIN10a,
     author = {V. Sinescu and P. L'Ecuyer},
     title = {Existence and Contruction of Shifted Lattice Rules with an
         Arbitrary Number of Points and Bounded Weighted Star Discrepancy for
             General Weights},
     year = 2010,
     note = {Submitted for publication}
}

@article {rLEC99a,
	AUTHOR="P. L'Ecuyer",
	TITLE="Tables of Maximally Equidistributed Combined {LFSR} Generators",
	JOURNAL={Mathematics of Computation},
        VOLUME={68},
        NUMBER={225},
        PAGES={261--269},
	YEAR={1999}
        }
