@article{vDIC08c,
  author    = {J. Dick and
               F. Pillichshammer and
               B. J. Waterhouse},
  title     = {The construction of good extensible rank-1 lattices},
  journal   = {Mathematics of Computation},
  volume    = {77},
  number    = {264},
  year      = {2008},
  pages     = {2345--2373},
}
